<?xml version="1.0" encoding="UTF-8"?><collection xmlns="http://www.loc.gov/MARC21/slim"><record><leader>00535nam--2200181-u-4500</leader><controlfield tag="001">000054091</controlfield><controlfield tag="002">20161230</controlfield><controlfield tag="005">20161230201051</controlfield><controlfield tag="008">110802s1000------------r-----000-0-eng-d</controlfield><datafield ind1=" " ind2=" " tag="040"><subfield code="a">IFIN-HH</subfield></datafield><datafield ind1=" " ind2=" " tag="080"><subfield code="a">537.311.33?535.215</subfield></datafield><datafield ind1="1" ind2=" " tag="100"><subfield code="a">Pankove, Jacques I</subfield></datafield><datafield ind1="1" ind2="0" tag="245"><subfield code="a">Optical processes in semiconductors</subfield><subfield code="c">Jacques i. pankove</subfield></datafield><datafield ind1=" " ind2=" " tag="260"><subfield code="a">Englewood Cliffs, New Jersey</subfield><subfield code="b">Prentice-hall, Inc</subfield><subfield code="c">1971</subfield></datafield><datafield ind1=" " ind2=" " tag="300"><subfield code="a">422P</subfield></datafield><datafield ind1=" " ind2=" " tag="490"><subfield code="a">Solid State Physical Electronics Series</subfield></datafield><datafield ind1=" " ind2=" " tag="852"><subfield code="a">77430</subfield><subfield code="c">537.311.33</subfield></datafield><datafield ind1=" " ind2=" " tag="CAT"><subfield code="a">Sys</subfield><subfield code="c">20110802</subfield><subfield code="h">124356</subfield></datafield></record></collection>